<?xml version="1.0" encoding="UTF-8"?>
<OAI-PMH xmlns="http://www.openarchives.org/OAI/2.0/" xmlns:xsi="http://www.w3.org/2001/XMLSchema-instance" xsi:schemaLocation="http://www.openarchives.org/OAI/2.0/ http://www.openarchives.org/OAI/2.0/OAI-PMH.xsd">
<ListRecords>
<record>
<header status="updated">
<identifier>urm_publish:71287003990002121</identifier>
</header>
<metadata>
<record xmlns="http://www.loc.gov/MARC21/slim" xmlns:xsi="http://www.w3.org/2001/XMLSchema-instance" xsi:schemaLocation="http://www.loc.gov/MARC21/slim http://www.loc.gov/standards/marcxml/schema/MARC21slim.xsd" ><leader>00703mam a2200253 a 4500</leader><controlfield tag="005">19990604082155.0</controlfield><controlfield tag="008">880217s1987    enk           00001 eng d</controlfield><controlfield tag="001">999588984102121</controlfield><datafield tag="010" ind1=" " ind2=" "><subfield code="a">gb 88016411 </subfield></datafield><datafield tag="015" ind1=" " ind2=" "><subfield code="a">GB88-16411</subfield></datafield><datafield tag="020" ind1=" " ind2=" "><subfield code="a">0712617442 :</subfield><subfield code="c">£10.95</subfield></datafield><datafield tag="035" ind1=" " ind2=" "><subfield code="a">(OCoLC)17620343</subfield></datafield><datafield tag="035" ind1=" " ind2=" "><subfield code="9">AJV0579UW</subfield></datafield><datafield tag="035" ind1=" " ind2=" "><subfield code="a">(WU)1245776-uwmadisondb</subfield></datafield><datafield tag="040" ind1=" " ind2=" "><subfield code="a">UKM</subfield><subfield code="b">eng</subfield><subfield code="c">UKM</subfield></datafield><datafield tag="050" ind1=" " ind2="4"><subfield code="a">PR6057.R232</subfield><subfield code="b">K5 1987b</subfield></datafield><datafield tag="100" ind1="1" ind2=" "><subfield code="a">Graham, Caroline,</subfield><subfield code="d">1931-</subfield><subfield code="2">LCNAMES</subfield><subfield code="0">41-LIBRARY_OF_CONGRESS-n  86031613</subfield><subfield code="9">Y</subfield></datafield><datafield tag="245" ind1="1" ind2="4"><subfield code="a">The killings at Badger's Drift.</subfield></datafield><datafield tag="264" ind1=" " ind2="1"><subfield code="a">London :</subfield><subfield code="b">Century,</subfield><subfield code="c">1987.</subfield></datafield><datafield tag="300" ind1=" " ind2=" "><subfield code="a">264 pages ;</subfield><subfield code="c">21 cm</subfield></datafield><datafield tag="336" ind1=" " ind2=" "><subfield code="a">text</subfield><subfield code="b">txt</subfield><subfield code="2">rdacontent</subfield></datafield><datafield tag="337" ind1=" " ind2=" "><subfield code="a">unmediated</subfield><subfield code="b">n</subfield><subfield code="2">rdamedia</subfield></datafield><datafield tag="338" ind1=" " ind2=" "><subfield code="a">volume</subfield><subfield code="b">nc</subfield><subfield code="2">rdacarrier</subfield></datafield><datafield tag="997" ind1=" " ind2=" "><subfield code="a">MARCIVE</subfield></datafield><datafield tag="INST" ind1=" " ind2=" "><subfield code="a">01UWI_NETWORK</subfield><subfield code="b">P</subfield><subfield code="c">71287003990002121</subfield></datafield><datafield tag="INST" ind1=" " ind2=" "><subfield code="a">01UWI_MAD</subfield><subfield code="b">P</subfield><subfield code="c">21522682320002122</subfield></datafield><datafield tag="AVA" ind1=" " ind2=" "><subfield code="0">9912457763602122</subfield><subfield code="8">22522682310002122</subfield><subfield code="a">01UWI_MAD</subfield><subfield code="b">MEMORIAL</subfield><subfield code="c">Stacks Regular Size Shelving</subfield><subfield code="d">PR6057 R232 K5 1987b</subfield><subfield code="e">available</subfield><subfield code="f">1</subfield><subfield code="g">0</subfield><subfield code="j">stk</subfield><subfield code="k">0</subfield><subfield code="p">1</subfield><subfield code="q">Memorial Library</subfield></datafield><datafield tag="MMS" ind1=" " ind2=" "><subfield code="b">999588984102121</subfield><subfield code="a">01UWI_NETWORK</subfield></datafield><datafield tag="MMS" ind1=" " ind2=" "><subfield code="b">9912457763602122</subfield><subfield code="a">01UWI_MAD</subfield></datafield></record>
</metadata>
</record>
</ListRecords>
</OAI-PMH>